[gd_scene load_steps=3 format=3 uid="uid://bx22e1kwt85u2"]

[ext_resource type="Script" path="res://app_sections/test/control.gd" id="1_e0hep"]

[sub_resource type="RectangleShape2D" id="RectangleShape2D_m4wmk"]

[node name="Control" type="Control"]
layout_mode = 3
anchors_preset = 15
anchor_right = 1.0
anchor_bottom = 1.0
grow_horizontal = 2
grow_vertical = 2
mouse_filter = 2
script = ExtResource("1_e0hep")

[node name="HBoxContainer" type="HBoxContainer" parent="."]
layout_mode = 0
anchor_right = 1.0
anchor_bottom = 0.177778
metadata/_edit_use_anchors_ = true

[node name="ColorRect" type="ColorRect" parent="HBoxContainer"]
custom_minimum_size = Vector2(128, 128)
layout_mode = 2
size_flags_horizontal = 4
size_flags_vertical = 4

[node name="Area2D" type="Area2D" parent="HBoxContainer/ColorRect"]

[node name="CollisionShape2D" type="CollisionShape2D" parent="HBoxContainer/ColorRect/Area2D"]
position = Vector2(64, 64)
scale = Vector2(6, 6)
shape = SubResource("RectangleShape2D_m4wmk")

[node name="ColorRect2" type="ColorRect" parent="HBoxContainer"]
custom_minimum_size = Vector2(128, 128)
layout_mode = 2
size_flags_horizontal = 4
size_flags_vertical = 4

[node name="Area2D" type="Area2D" parent="HBoxContainer/ColorRect2"]

[node name="CollisionShape2D" type="CollisionShape2D" parent="HBoxContainer/ColorRect2/Area2D"]
position = Vector2(64, 64)
scale = Vector2(6, 6)
shape = SubResource("RectangleShape2D_m4wmk")

[node name="ColorRect3" type="ColorRect" parent="HBoxContainer"]
custom_minimum_size = Vector2(128, 128)
layout_mode = 2
size_flags_horizontal = 4
size_flags_vertical = 4

[node name="Area2D" type="Area2D" parent="HBoxContainer/ColorRect3"]

[node name="CollisionShape2D" type="CollisionShape2D" parent="HBoxContainer/ColorRect3/Area2D"]
position = Vector2(64, 64)
scale = Vector2(6, 6)
shape = SubResource("RectangleShape2D_m4wmk")

[node name="ColorRect4" type="ColorRect" parent="HBoxContainer"]
custom_minimum_size = Vector2(128, 128)
layout_mode = 2
size_flags_horizontal = 4
size_flags_vertical = 4
mouse_filter = 2

[node name="Area2D" type="Area2D" parent="HBoxContainer/ColorRect4"]

[node name="CollisionShape2D" type="CollisionShape2D" parent="HBoxContainer/ColorRect4/Area2D"]
position = Vector2(64, 64)
scale = Vector2(6, 6)
shape = SubResource("RectangleShape2D_m4wmk")

[connection signal="mouse_entered" from="HBoxContainer/ColorRect4/Area2D" to="." method="_on_area_2d_mouse_entered"]
